<record><leader>00000cas a2200000I  4500</leader><controlfield tag="001">4619739</controlfield><controlfield tag="008">790205d19721988vauen n       0    0eng d</controlfield><controlfield tag="009">462</controlfield><datafield ind1=" " ind2=" " tag="010"><subfield code="a">sn 98068063 </subfield></datafield><datafield ind1=" " ind2=" " tag="040"><subfield code="a">VRC</subfield><subfield code="c">VRC</subfield><subfield code="d">NVK</subfield><subfield code="d">OCLCQ</subfield></datafield><datafield ind1=" " ind2=" " tag="043"><subfield code="a">n-us-va</subfield></datafield><datafield ind1="0" ind2="0" tag="245"><subfield code="a">VCU today.</subfield></datafield><datafield ind1=" " ind2=" " tag="260"><subfield code="a">Richmond,</subfield><subfield code="b">Virginia Commonwealth University, Office of University Publications [etc.],</subfield><subfield code="c">1972-1988.</subfield></datafield><datafield ind1=" " ind2=" " tag="300"><subfield code="a">v.</subfield><subfield code="b">ill.</subfield></datafield><datafield ind1=" " ind2=" " tag="310"><subfield code="a">Biweekly,</subfield><subfield code="b">&lt;1975-&gt;</subfield></datafield><datafield ind1=" " ind2=" " tag="321"><subfield code="a">Monthly,</subfield><subfield code="b">May 1972-1975</subfield></datafield><datafield ind1="0" ind2=" " tag="362"><subfield code="a">Vol. 1, no. 1 (May 1, 1972)-v. 17, no. 2 (Aug. 24, 1988).</subfield></datafield><datafield ind1=" " ind2=" " tag="500"><subfield code="a">"A Newsletter published by Virginia Commonwealth University."</subfield></datafield><datafield ind1=" " ind2=" " tag="500"><subfield code="a">Special issues for parents published [1977-1979]. Issues were undated but numbered vol. 7A, 8A, 9A corresponding to the regular volume numbering for the student paper.</subfield></datafield><datafield ind1=" " ind2=" " tag="530"><subfield code="a">Available on microfilm from the Library of Virginia.</subfield></datafield><datafield ind1="2" ind2="0" tag="610"><subfield code="a">Virginia Commonwealth University</subfield><subfield code="v">Newspapers.</subfield></datafield><datafield ind1=" " ind2="0" tag="651"><subfield code="a">Richmond (Va.)</subfield><subfield code="v">Newspapers.</subfield></datafield><datafield ind1="2" ind2=" " tag="710"><subfield code="a">Virginia Commonwealth University.</subfield><subfield code="b">Office of University Relations.</subfield></datafield><datafield ind1=" " ind2=" " tag="752"><subfield code="a">United States</subfield><subfield code="b">Virginia</subfield><subfield code="d">Richmond.</subfield></datafield><datafield ind1="0" ind2="0" tag="785"><subfield code="t">VCU voice</subfield><subfield code="w">(DLC)sn 98068315</subfield></datafield></record>